@article{heckman2010analyzing,
  title={Analyzing social experiments as implemented: A reexamination of the evidence from the HighScope Perry Preschool Program},
  author={Heckman, James and Moon, Seong Hyeok and Pinto, Rodrigo and Savelyev, Peter and Yavitz, Adam},
  journal={Quantitative economics},
  volume={1},
  number={1},
  pages={1--46},
  year={2010},
  publisher={Wiley Online Library}
}

@ARTICLE{Breitmayer_Ramey_1986_CD,
  author = {Breitmayer, Bonnie J. and Ramey, Craig T.},
  title = {Biological Nonoptimality and Quality of Postnatal Environment as
	Codeterminants of Intellectual Development},
  journal = {Child Development},
  year = {1986},
  volume = {57},
  pages = {1151-1165},
  number = {5},
  month = {October}
}

@ARTICLE{Ramey_Smith_1977_AJMD,
  author = {Ramey, Craig T. and Smith, Barbara J.},
  title = {Assessing the Intellectual Consequences of Early Intervention with
	High-Risk Infants},
  journal = {{A}merican {J}ournal of {M}ental {D}eficiency},
  year = {1977},
  volume = {81},
  pages = {318-324},
  number = {4},
  month = {January},
  timestamp = {2006.01.25}
}

@ARTICLE{Frances_2013_SCIENCE,
 author = {Frances Campbell and Gabriella Conti and James J. Heckman and Seong Hyeok Moon and Rodrigo Pinto},
 title  = {Early Childhood Program Improves Adult Health},
 note   = {Unpublished manuscript, University of Chicago, Department of Economics},
 year   = {2013}
}

@ARTICLE{Frances_2013_EJ,
 author = {Frances Campbell and Gabriella Conti and James J. Heckman and Seong Hyeok Moon and Rodrigo Pinto},
 title  = {The Effects of Early Intervention on Human Development and Social Outcomes: Provisional Evidence from ABC and CARE},
 note   = {Unpublished manuscript, University of Chicago, Department of Economics},
 year   = {2013}
}
